<record><leader>00000cas a22000007a 4500</leader><controlfield tag="001">9628343</controlfield><controlfield tag="008">830621d19421951mduwr ne      0    0eng  </controlfield><datafield ind1=" " ind2=" " tag="010"><subfield code="a">sn 83016213 </subfield></datafield><datafield ind1=" " ind2=" " tag="040"><subfield code="a">DLC</subfield><subfield code="b">eng</subfield><subfield code="c">DLC</subfield><subfield code="d">MFN</subfield><subfield code="d">OCLCQ</subfield></datafield><datafield ind1=" " ind2=" " tag="042"><subfield code="a">msc</subfield></datafield><datafield ind1="0" ind2="0" tag="050"><subfield code="a">Newspaper 7002</subfield></datafield><datafield ind1="0" ind2="4" tag="245"><subfield code="a">The Harford gazette.</subfield></datafield><datafield ind1=" " ind2=" " tag="260"><subfield code="a">Bel Air, Md. :</subfield><subfield code="b">[s.n.]</subfield></datafield><datafield ind1=" " ind2=" " tag="300"><subfield code="a">v.</subfield></datafield><datafield ind1=" " ind2=" " tag="310"><subfield code="a">Weekly</subfield></datafield><datafield ind1="0" ind2=" " tag="362"><subfield code="a">60th year, no. 1 (Jan. 2, 1942)-69th year, no. 10 (Mar. 9, 1951).</subfield></datafield><datafield ind1=" " ind2=" " tag="752"><subfield code="a">United States</subfield><subfield code="b">Maryland</subfield><subfield code="c">Harford</subfield><subfield code="d">Bel Air.</subfield></datafield><datafield ind1="0" ind2="0" tag="780"><subfield code="t">New Harford gazette &amp; Bel Air times</subfield><subfield code="w">(DLC)sn 89060254</subfield></datafield><datafield ind1="0" ind2="7" tag="785"><subfield code="t">Aegis (Bel Air, Md. : 1923)</subfield><subfield code="w">(DLC)sn 88065734</subfield></datafield><datafield ind1="0" ind2="7" tag="785"><subfield code="t">Aegis and Harford gazette</subfield><subfield code="w">(DLC)sn 89060101</subfield></datafield></record>